%%%%%%%%%%%%%%%%%%%%%%%%%%%%%%%%%%%%%%%
%学術論文等
%%%%%%%%%%%%%%%%%%%%%%%%%%%%%%%%%%%%%%
	
@inproceedings{
	fritzson2006openmodelica,
	title={OpenModelica-A free open-source environment for system modeling, simulation, and teaching},
	author={Fritzson, Peter and Aronsson, Peter and Pop, Adrian and Lundvall, Hakan and Nystrom, Kaj and Saldamli, Levon and Broman, David and Sandholm, Anders},
	booktitle={2006 IEEE Conference on Computer Aided Control System Design, 2006 IEEE International Conference on Control Applications, 2006 IEEE International Symposium on Intelligent Control},
	pages={1588--1595},
	year={2006},
	organization={IEEE}
}



%%%%%%%%%%%%%%%%%%%%%%%%%%%%%%%%%%%%%%%
%書籍
%%%%%%%%%%%%%%%%%%%%%%%%%%%%%%%%%%%%%%

@book{
	modelicaシステム本,
	author = "Peter Fritzson",
	title = "Modelicaによるシステムシミュレーション入門",
	publisher = "TechShare社",
	year = "2015"
}

@book{
	modelicaはじめて本,
	author = "広野 友英",
	title = "はじめてのModelicaプログラミング",
	publisher = "TechShare社",
	year = "2017"
}

@book{
	modelicaモデルベース本,
	author = "平野 豊",
	title = "Modelicaによるモデルベースシステム開発入門",
	publisher = "TechShare社",
	year = "2017"
}

%%%%%%%%%%%%%%%%%%%%%%%%%%%%%%%%%%%%%%%
%Web
%%%%%%%%%%%%%%%%%%%%%%%%%%%%%%%%%%%%%%
@misc{
	電圧一定,
	author =	"澤村電気工業株式会社",
	title ="モータ技術説明",
	note = {\url{http://www.sawamura.co.jp/techinfo_m.html}},
	note = {Accessed: 2020-1-31}
}

@misc{
	pythonsamu,
	author =	"Samurai Blog",
	title ="Pythonとは？言語の特徴から学習法まで初心者向けにわかりやすく解説",
	note = {\url{https://www.sejuku.net/blog/7720}},
	note = {Accessed: 2020-1-31}
}

@misc{
	pythonoya,
	author =	"python Japan",
	title ="Pythonとは",
	note = {\url{https://www.python.jp/pages/about.html}},
	note = {Accessed: 2020-1-31}
}

@misc{
	モータ原理,
	author =	"制御工学の基礎あれこれ",
	title ="{ブラシ付きDCモータの仕組み}",
	note = {\url{http://arduinopid.web.fc2.com/K13.html}},
	note = {Accessed: 2020-1-31}
}

@misc{
	モータ使う,
	author =	"日本電産株式会社",
	title ="{ブラシ付きDCモータ}",
	note = {\url{https://www.nidec.com/jp/technology/motor/glossary/000/0604/}},
	note = {Accessed: 2020-1-31}
}

@misc{
	モータ使用製品,
	author =	"日本電産株式会社",
	title ="身の回りのモータ",
	note = {\url{https://www.nidec.com/jp/technology/scenes/}},
	note = {Accessed: 2020-1-22}
}

@misc{
	等価回路,
	author =	"Tech Web motor",
	title ="{ブラシ付きDCモータの特性}",
	note = {\url{https://micro.rohm.com/jp/techweb_motor/knowledge/basics/basics-03/209}},
	note = {Accessed: 2020-1-23}
}

@misc{
	特性カーブ,
	author =	"EDN Japan",
	title ="{DCモーターの性能線図を理解して高効率駆動について考えてみよう}",
	note = {\url{https://ednjapan.com/edn/articles/1605/25/news042.html}},
	note = {Accessed: 2020-1-23}
}

@misc{
	特性表1,
	author =	"モータの制御法",
	title ="{DCモータの基礎}",
	note = {\url{http://www.picfun.com/motor01.html}},
	note = {Accessed: 2020-2-9}
}

@misc{
	特性表2,
	author =	"相模マイクロ株式会社",
	title ="{直流モータ特性表 DC MOTOR CHARACTERISTICS}",
	note = {\url{http://www.sagamimicro.co.jp/product/pdf_product/S-2230BA-24P0-384.pdf}},
	note = {Accessed: 2020-2-9}
}

@misc{
	特性表3,
	author =	"沼津工業高等専門学校",
	title ="{maxon　DC　モータ}",
	note = {\url{http://www2.denshi.numazu-ct.ac.jp/mirsdoc/mirs97/tech_data/motor/mirs97dc.htm}},
	note = {Accessed: 2020-2-9}
}

@misc{
	特性表4,
	author =	"日本電産サーボ株式会社",
	title ="{ブラシ付DCモータ DMN29 DMNシリーズ}",
	note = {\url{http://www.nidec-servo.com/jp/digital/pdf/DMN29.pdf}},
	note = {Accessed: 2020-2-9}
}

@misc{
	特性表5,
	author =	"アダマンド並木精密宝石株式会社",
	title ="ブラシ付モータ",
	note = {\url{https://www.ad-na.com/product/dccorelessmotor/brushedmotor.html}},
	note = {Accessed: 2020-2-9}
}


@misc{
	特性表6,
	author =	"特殊電装株式会社",
	title ="{DCモータ}",
	note = {\url{http://www.tokushudenso.co.jp/product/01.html}},
	note = {Accessed: 2020-2-9}
}

@misc{
	特性表7,
	author =	"ミネベアミツミ株式会社",
	title ="{DCモータ}",
	note = {\url{https://www.eminebea.com/jp/product/rotary/brushmotor/dc/__icsFiles/afieldfile/2017/06/01/m1n6.pdf}},
	note = {Accessed: 2020-2-8}
}

@misc{
	特性表8,
	author =	"東友テクニカ株式会社",
	title ="{Dシリーズ DCモーター 仕様書}",
	note = {\url{http://dl.mitsubishielectric.co.jp/dl/fa/document/catalog/i_motor/l001040/l01040.pdf}},
	note = {Accessed: 2020-2-9}
}

@misc{
	特性表9,
	author =	"ナーブモータ株式会社",
	title ="{DCブラシ付きモータ 60mm 6W}",
	note = {\url{https://www.nerve-motor.co.jp/products/detail.php?product_id=75}},
	note = {Accessed: 2020-2-9}
}

@misc{
	特性表10,
	author =	"スリーピース株式会社",
	title ="モータ単体 ＊外形図・特性表＊",
	note = {\url{http://www.three-peace.com/cms/contents/data/3/4/CATALOG_4.pdf}},
	note = {Accessed: 2020-2-9}
}

@misc{
	仕様の見方,
	author =	"MekatoroNet",
	title ="仕様の見方",
	note = {\url{http://www.mekatoro.net/digianaecatalog/orien-sougou/book/orien-sougou-P0042.pdf}},
	note = {Accessed: 2020-2-9}
}


@misc{
	open_modelica,
	author =	"OpenModelica",
	title ="{Welcome to OpenModelica}",
	note = {\url{https://openmodelica.org}},
	note = {Accessed: 2020-2-9}
}

@misc{
	ipa_useful_modelbase_dev,
	author =	"IPA 独立行政法人 情報処理推進機構",
	title ="組込みシステムの先端的モデルベース開発実態調査報告",
	note = {\url{https://www.ipa.go.jp/sec/softwareengineering/reports/20120323.html}},
	note = {Accessed: 2020-2-9}
}

@misc{
	モデルベースによるシステム開発,
	author =	"IPA 独立行政法人 情報処理推進機構",
	title ="{先進的な設計・検証技術の適用事例報告書　2016年版 No.61 モデルベースによるシステム開発におけるプラントモデルの高精度化について}",
	note = {\url{https://www.ipa.go.jp/files/000057837.pdf}},
	note = {Accessed: 2020-2-9}
}


@misc{
	jmag,
	author =	"JMAG",
	title ="{モータ設計ツールJMAG-Express Online for Rotating Machines}",
	note = {\url{https://www.jmag-international.com/jp/express/}},
	note = {Accessed: 2020-2-9}
}

@misc{
modelica_association,
author="Modelica Association",
title = "{The Modelica Association — Modelica Association}",
note = {\url{https://www.modelica.org/}},
	note = {Accessed: 2020-2-9}
}

@misc{
MATLAB技術30:online,
author = {},
title = "{MATLAB - 技術計算言語 - MATLAB \& Simulink}",
note = {\url{https://jp.mathworks.com/products/matlab.html}},
month = {},
year = {},
note = {(Accessed on 02/07/2020)}
}

@misc{
Simulink81:online,
author = {},
title = "{Simulink - シミュレーションおよびモデルベース デザイン - MATLAB \& Simulink}",
note = {\url{https://jp.mathworks.com/products/simulink.html}},
month = {},
year = {},
note = {(Accessed on 02/07/2020)}
}

@misc{
	ipa_2016,
	author = "東芝情報システム株式会社",
	title ="モデルベースによるシステム開発におけるプラントモデルの高精度化について.先進的な設計・検証技術の適用事例報告書2016年版 No.61",
	note = {\url{https://www.ipa.go.jp/files/000057837.pdf}},
	note = {Accessed: 2020-2-7}
}